% example .bib file for use with projectpaper.tex

@article{mertzios2019temporal,
  title     = {Temporal network optimization subject to connectivity constraints},
  author    = {George B. Mertzios and Othon Michail and Paul G. Spirakis},
  journal   = {Algorithmica},
  volume    = {81},
  number    = {4},
  pages     = {1416--1449},
  year      = {2019},
  publisher = {Springer},
}


@article{enright2019deleting,
  title     = {Deleting edges to restrict the size of an epidemic in temporal networks},
  Journal   = {Journal of Computer and System Sciences},
  author    = {Jessica Enright and Kitty Meeks and George B. Mertzios and Viktor Zamaraev},
  year      = {2021},
  pages     = {60--77},
  volume    = {119},
  publisher = {Elsevier},
}


@book{Golumbic04,
  title     = {Algorithmic graph theory and perfect graphs},
  author    = {Golumbic, Martin Charles},
  year      = {2004},
  edition   = {2nd},
  publisher = {Elsevier},
}

@inproceedings{mertziosspirakis13,
  title     = {Strong bounds for evolution in networks},
  author    = {Gaorge B. Mertzios and Paul G. Spirakis},
  booktitle = {Proceedings of the 40th International Colloquium on Automata, Languages and Programming (ICALP)},
  pages     = {669--680},
  year      = {2013},
}
